@online{coursera,
author = "Google",
title = "Technical Support Fundamentals:programs and hardware",
url = "https://www.coursera.org/learn/technical-support-fundamentals/lecture/stRx1/programs-and-hardware"
}
@online{Tedwebsite,
author ="Kanawat Senanan",
title ="how computer memory works",
url ="https://www.ted.com/talks/kanawat-senanan-howcomputer-memory-works/transcript?language=es"
}
@online{URUGUAYOC,
author = "Sergio Echart",
title = "Que es el Cache L1, L2 y L3 en los Procesadores?",
url = "https://uruguayoc.com/2018/03/18/que-es-el-cache-l1-l2-y-l3-en-los-procesadores"}
@online{Sites.Google,
author = "Yanneth Gutiérrez",
title = "Gestion de Memoria",
url = "https://sites.google.com/site/sisoper1/home/gestion-de-memoria"}
@online{mercadolibre,
author = "Mercado libre",
title = "DDR4 Gaming",
url = "https://articulo.mercadolibre.com.co/MCO-553646959-memoria-ram-adata-xpg-spectrix-d60g-ddr4-8gb-3200mhz"
}
@online{Frecuencia,
author = "Mikel Pernía",
title = "Que debes considerar para elegir memoria Ram",
url = "https://www.somosxbox.com/guia-pc-que-debes-considerar-para-elegir-memoria-ram/827243"
}