@online {Coursera,
author = "Google",
title =  "Technical Support Fundamentals:Programs and Hardware" ,
url = "https://www.coursera.org/learn/technical-support-fundamentals/lecture/stRx1/programs-and-hardware"}
@online{TEDwebsite,
author = "Kanawat Senanan",
title = "Cómo funciona la memoria de una computadora" ,
url = "https://www.ted.com/talks/kanawat_senanan_how_computer_memory_works"}
@online{URUGUAYOC,
author = "Sergio Echart",
title = "Que es el Cache L1, L2 y L3 en los Procesadores?",
url = "https://uruguayoc.com/2018/03/18/que-es-el-cache-l1-l2-y-l3-en-los-procesadores"}
@online{Sites.Google,
author = "Yanneth Gutiérrez",
title = "Gestion de Memoria",
url = "https://sites.google.com/site/sisoper1/home/gestion-de-memoria"}
@online{Wikipedia,
author = "Wikipedia",
title = "Jerarquía de memoria",
url = "https://es.wikipedia.org/wiki/Jerarquia_de_memoria"}